@ARTICLE{Snellings,
	author = {Snellings, R.},
	title = {{E}lliptic flow: a brief review},
	journal = {New Journal of Physics},
	year = {2011},
	volume = {13},
	pages = {},
	number = {},
	month = {May},
	publisher = {}
}

@ARTICLE{Zhenyu,
	author = {CMS Collaboration},
	title = {{L}ong-range two-particle correlations of strange hadrons with
            charged particles in p{P}b and {P}b{P}b collisions at {LHC}
            energies},
	journal = {Phys. Rev. B},
	year = {2015},
	volume = {742},
	pages = {200-224},
	number = {},
	month = {March},
	publisher = {}
}

@ARTICLE{Kong,
	author = {CMS Collaboration},
	title = {{M}ultiplicity and rapidity dependence of strange hadron
            production in pp, p{P}b, and {P}b{P}b collisions at the {LHC}},
	journal = {Phys. Rev. B},
	year = {2017},
	volume = {768},
	pages = {103-129},
	number = {},
	month = {May},
	publisher = {}
}
